@book{dasgupta,
    title = {Algorithms},
    author = {S. Dasgupta and C. Papadimitriou and U. Vazirani},
    isbn = {9780073523408},
    year = {2006}
}

@book{singer,
    title = {Materijali za kolegij Oblikovanje i analiza algoritama},
    author = {S. Singer and G. Nogo},
    year = {2022}
}